@incollection{survey-clique,
year=2010,
isbn={978-3-642-13192-9},
booktitle={Experimental Algorithms},
volume=6049,
series={Lecture Notes in Computer Science},
editor={Festa, Paola},
doi={10.1007/978-3-642-13193-6_2},
title={Computational Challenges with Cliques, Quasi-cliques and Clique Partitions in Graphs},
url={http://dx.doi.org/10.1007/978-3-642-13193-6_2},
publisher={Springer Berlin Heidelberg},
author={Pardalos, PanosM. and Rebennack, Steffen},
pages={13-22}
}
@article{Bron:1973:AFC:362342.362367,
 author = {Bron, Coen and Kerbosch, Joep},
 title = {Algorithm 457: finding all cliques of an undirected graph},
 journal = {Commun. ACM},
 issue_date = {Sept. 1973},
 volume = {16},
 number = {9},
 month = sep,
 year = {1973},
 issn = {0001-0782},
 pages = {575--577},
 numpages = {3},
 url = {http://doi.acm.org/10.1145/362342.362367},
 doi = {10.1145/362342.362367},
 acmid = {362367},
 publisher = {ACM},
 address = {New York, NY, USA},
 keywords = {backtracking algorithm, branch and bound technique, cliques, clusters, maximal complete subgraphs, recursion},
} 

@inproceedings{karp,
  author    = {Richard M. Karp},
  title     = {Reducibility Among Combinatorial Problems},
  booktitle = {Complexity of Computer Computations},
  year      = 1972,
  pages     = {85-103},
  ee        = {http://www.cs.berkeley.edu/$\sim$luca/cs172/karp.pdf},
  bibsource = {DBLP, http://dblp.uni-trier.de}
}

@article{arora1,
  author    = {Sanjeev Arora and
               Shmuel Safra},
  title     = {Probabilistic Checking of Proofs: A New Characterization
               of NP},
  journal   = {J. ACM},
  volume    = {45},
  number    = {1},
  year      = {1998},
  pages     = {70-122},
  ee        = {http://doi.acm.org/10.1145/273865.273901},
  bibsource = {DBLP, http://dblp.uni-trier.de}
}


@MISC{best-approx,
    author = {Ravi Boppana and Magnús M. Halldórsson},
    title = {Approximating Maximum Independent Sets by Excluding Subgraphs},
    year = {1992}
}

@ARTICLE{oster,
    author = {Patric R.J. Östergård and Patric R. J},
    title = {A Fast Algorithm for the Maximum Clique Problem},
    journal = {Discrete Appl. Math},
    year = {},
    volume = {120},
    pages = {197--207}
}

@TECHREPORT{wood,
    author = {David R. Wood},
    title = {An Algorithm for Finding a Maximum Clique in a Graph},
    institution = {},
    year = {1997}
}

@INPROCEEDINGS{shinano,
author={Shinano, Y. and Fujie, T. and Ikebe, Y. and Hirabayashi, Ryuichi},
booktitle={Parallel Processing Symposium, 1998. IPPS/SPDP 1998. Proceedings of the First Merged International ... and Symposium on Parallel and Distributed Processing 1998},
title={Solving the maximum clique problem using PUBB},
year={1998},
pages={326-332},
keywords={computational complexity;graph theory;heuristic programming;parallel algorithms;parallel programming;DIMACS benchmark problems;NP-hard problem;PUBB software utility;branch-and-bound framework;branching techniques;edge;exact algorithms;graph;heuristic algorithms;maximum clique problem solving;parallelization;vertex subset;Algorithm design and analysis;Application software;Heuristic algorithms;Large-scale systems;NP-hard problem;Software algorithms;Software tools;Tree graphs},
doi={10.1109/IPPS.1998.669935},
ISSN={1063-7133},}

@INPROCEEDINGS{Bomze99,
    author = {Immanuel M. Bomze and Marco Budinich and Panos M. Pardalos and Marcello Pelillo},
    title = {The Maximum Clique Problem},
    booktitle = {Handbook of Combinatorial Optimization},
    year = {1999},
    pages = {1--74},
    publisher = {Kluwer Academic Publishers}
}

@TECHREPORT{rls,
    author = {Roberto Battiti and Marco Protasi},
    title = {Reactive Local Search for the Maximum Clique Problem},
    institution = {Algorithmica},
    year = {}
}
@article{grosso,
 author = {Grosso, A. and Locatelli, M. and Croce, F. Della},
 title = {Combining Swaps and Node Weights in an Adaptive Greedy Approach for the Maximum Clique Problem},
 journal = {Journal of Heuristics},
 issue_date = {March 2004},
 volume = {10},
 number = {2},
 month = mar,
 year = {2004},
 issn = {1381-1231},
 pages = {135--152},
 numpages = {18},
 url = {http://dx.doi.org/10.1023/B:HEUR.0000026264.51747.7f},
 doi = {10.1023/B:HEUR.0000026264.51747.7f},
 acmid = {987343},
 publisher = {Kluwer Academic Publishers},
 address = {Hingham, MA, USA},
 keywords = {adaptive search, greedy algorithm, maximum clique problem},
} 

@INPROCEEDINGS{kopt,
    author = {Kengo Katayama},
    title = {Solving the maximum clique problem by k-opt local search},
    booktitle = {In Proceedings of the 2004 ACM Symposium on Applied computing},
    year = {2004},
    pages = {1021--1025}
}

@article{vns,
 author = {Hansen, Pierre and Mladenovi\'{c}, Nenad and Uro\v{s}evi\'{c}, Dragan},
 title = {Variable neighborhood search for the maximum clique},
 journal = {Discrete Appl. Math.},
 issue_date = {30 December 2004},
 volume = {145},
 number = {1},
 month = dec,
 year = {2004},
 issn = {0166-218X},
 pages = {117--125},
 numpages = {9},
 url = {http://dx.doi.org/10.1016/j.dam.2003.09.012},
 doi = {10.1016/j.dam.2003.09.012},
 acmid = {1056104},
 publisher = {Elsevier Science Publishers B. V.},
 address = {Amsterdam, The Netherlands, The Netherlands},
 keywords = {combinatorial optimization, graphs, heuristics, maximum clique, variable neighborhood search},
} 

@ARTICLE{dynamicl,
    author = {Wayne Pullan and Holger H. Hoos},
    title = {Dynamic local search for the maximum clique problem},
    journal = {Journal of Artificial Intelligence Research},
    year = {2006},
    volume = {25},
    pages = {159--185}
}
@article{old1,
year={1993},
issn={0254-5330},
journal={Annals of Operations Research},
volume={41},
number={4},
doi={10.1007/BF02023002},
title={Solving the maximum clique problem using a tabu search approach},
url={http://dx.doi.org/10.1007/BF02023002},
publisher={Baltzer Science Publishers, Baarn/Kluwer Academic Publishers},
keywords={Maximum clique; tabu search; probabilistic tabu; random graph generator; approximate methods},
author={Gendreau, Michel and Soriano, Patrick and Salvail, Louis},
pages={385-403},
language={English}
}

@article{old2,
year={1996},
issn={0254-5330},
journal={Annals of Operations Research},
volume={63},
number={2},
doi={10.1007/BF02125454},
title={Diversification strategies in tabu search algorithms for the maximum clique problem},
url={http://dx.doi.org/10.1007/BF02125454},
publisher={Baltzer Science Publishers, Baarn/Kluwer Academic Publishers},
keywords={Tabu search; diversification; maximum clique; combinatorial optimization},
author={Soriano, Patrick and Gendreau, Michel},
pages={189-207},
language={English}
}

@article{multistart,
year={2011},
issn={1382-6905},
journal={Journal of Combinatorial Optimization},
doi={10.1007/s10878-011-9437-8},
title={An adaptive multistart tabu search approach to solve the maximum clique problem},
url={http://dx.doi.org/10.1007/s10878-011-9437-8},
publisher={Springer US},
keywords={Tabu search; Maximum clique; Constrained neighborhood; Informed restart; Combinatorial optimization},
author={Wu, Qinghua and Hao, Jin-Kao},
pages={1-23},
language={English}
}

@article{hybgen,
year={2006},
issn={1381-1231},
journal={Journal of Heuristics},
volume={12},
number={1-2},
doi={10.1007/s10732-006-3750-x},
title={A hybrid heuristic for the maximum clique problem},
url={http://dx.doi.org/10.1007/s10732-006-3750-x},
publisher={Kluwer Academic Publishers},
keywords={Combinatorial optimization; Greedy heuristic; Maximum clique; Steady-state genetic algorithm},
author={Singh, Alok and Gupta, AshokKumar},
pages={5-22},
language={English}
}

@incollection{mce,
year={2011},
isbn={978-3-642-21259-8},
booktitle={Bioinformatics Research and Applications},
volume={6674},
series={Lecture Notes in Computer Science},
editor={Chen, Jianer and Wang, Jianxin and Zelikovsky, Alexander},
doi={10.1007/978-3-642-21260-4_30},
title={The Maximum Clique Enumeration Problem: Algorithms, Applications and Implementations},
url={http://dx.doi.org/10.1007/978-3-642-21260-4_30},
publisher={Springer Berlin Heidelberg},
keywords={maximum clique enumeration; maximal clique; gene expression analysis; software tools and applications},
author={Eblen, JohnD. and Phillips, CharlesA. and Rogers, GaryL. and Langston, MichaelA.},
pages={306-319}
}

@incollection{protein,
year={2010},
isbn={978-3-642-13192-9},
booktitle={Experimental Algorithms},
volume={6049},
series={Lecture Notes in Computer Science},
editor={Festa, Paola},
doi={10.1007/978-3-642-13193-6_10},
title={Maximum Cliques in Protein Structure Comparison},
url={http://dx.doi.org/10.1007/978-3-642-13193-6_10},
publisher={Springer Berlin Heidelberg},
keywords={protein structure comparison; maximum clique problem; k-partite graphs; combinatorial optimization; branch and bound},
author={Malod-Dognin, Noël and Andonov, Rumen and Yanev, Nicola},
pages={106-117}
}

@incollection{aco1,
year={2003},
isbn={978-3-540-00976-4},
booktitle={Applications of Evolutionary Computing},
volume={2611},
series={Lecture Notes in Computer Science},
editor={Cagnoni, Stefano and Johnson, ColinG. and Cardalda, JuanJ.Romero and Marchiori, Elena and Corne, DavidW. and Meyer, Jean-Arcady and Gottlieb, Jens and Middendorf, Martin and Guillot, Agnès and Raidl, GüntherR. and Hart, Emma},
doi={10.1007/3-540-36605-9_22},
title={Searching for Maximum Cliques with Ant Colony Optimization},
url={http://dx.doi.org/10.1007/3-540-36605-9_22},
publisher={Springer Berlin Heidelberg},
author={Fenet, Serge and Solnon, Christine},
pages={236-245},
language={English}
}

@article{aco2,
year={2006},
issn={1381-1231},
journal={Journal of Heuristics},
volume={12},
number={3},
doi={10.1007/s10732-006-4295-8},
title={A study of ACO capabilities for solving the maximum clique problem},
url={http://dx.doi.org/10.1007/s10732-006-4295-8},
publisher={Kluwer Academic Publishers},
keywords={Ant colony optimization; Maximum clique problem; Metaheuristic},
author={Solnon, Christine and Fenet, Serge},
pages={155-180},
language={English}
}

@article{cls,
year={2011},
issn={1381-1231},
journal={Journal of Heuristics},
volume={17},
number={2},
doi={10.1007/s10732-010-9131-5},
title={Cooperating local search for the maximum clique problem},
url={http://dx.doi.org/10.1007/s10732-010-9131-5},
publisher={Springer US},
keywords={Local search; Maximum clique; Parallel algorithm},
author={Pullan, Wayne and Mascia, Franco and Brunato, Mauro},
pages={181-199},
language={English}
}


@article{simulatedannealing,
title = "A simple simulated annealing algorithm for the maximum clique problem ",
journal = "Information Sciences ",
volume = "177",
number = "22",
pages = "5064 - 5071",
year = "2007",
note = "",
issn = "0020-0255",
doi = "10.1016/j.ins.2007.06.009",
url = "http://www.sciencedirect.com/science/article/pii/S0020025507002988",
author = "Xiutang Geng and Jin Xu and Jianhua Xiao and Linqiang Pan",
keywords = "Simulated annealing algorithm",
keywords = "Maximum clique problem",
keywords = "Minimum vertex cover problem",
keywords = "NP-hard optimization problem",
keywords = "Heuristic algorithm "
}

